<?xml version="1.0" encoding="UTF-8"?><collection xmlns="http://www.loc.gov/MARC21/slim"><record><leader>00670nam--2200181-u-4500</leader><controlfield tag="001">000053145</controlfield><controlfield tag="002">20161230</controlfield><controlfield tag="005">20161230201051</controlfield><controlfield tag="008">110107s1000------------r-----000-0-eng-d</controlfield><datafield ind1=" " ind2=" " tag="020"><subfield code="a">9211422191</subfield></datafield><datafield ind1=" " ind2=" " tag="040"><subfield code="a">IFIN-HH</subfield></datafield><datafield ind1=" " ind2=" " tag="080"><subfield code="a">504.05:539.12.08</subfield></datafield><datafield ind1="1" ind2=" " tag="110"><subfield code="a">United Nations Scientific Committee On The Effects And Atomic Radiation</subfield></datafield><datafield ind1="1" ind2="0" tag="245"><subfield code="a">Sources and effects of ionizing radiation</subfield><subfield code="b">United nations scientific committee on the effects and atomic radiation ; unscear 1996 report to the general assembly with scientific annex</subfield></datafield><datafield ind1=" " ind2=" " tag="260"><subfield code="a">New York</subfield><subfield code="b">United Nations Publication</subfield><subfield code="c">1996</subfield></datafield><datafield ind1=" " ind2=" " tag="300"><subfield code="a">86P</subfield></datafield><datafield ind1=" " ind2=" " tag="852"><subfield code="a">80792</subfield><subfield code="c">539.12.04</subfield></datafield><datafield ind1=" " ind2=" " tag="CAT"><subfield code="a">Sys</subfield><subfield code="c">20110107</subfield><subfield code="h">085953</subfield></datafield></record></collection>